%1
@article{bondur2012aero,
  title={Аэрокосмический мониторинг объектов нефтегазового комплекса},
  author={Бондур, В.Г.},
  journal={Исследование Земли из космоса},
  number={2},
  pages={84--84},
  year={2012},
  publisher={Федеральное государственное унитарное предприятие Академический научно-издательский, производственно-полиграфический и книгораспространительский центр Наука}
}

%2
@inproceedings{murynin2013,
  title={Analysis of large long-term remote sensing image sequence for agricultural yield forecasting},
  author={Murynin, Alexander and Gorokhovskiy, Konstantin and Bondur, Valery and Ignatiev, Vladimir},
  booktitle={Image Mining. Theory and Applications. Proceedings of the 4th International Workshop on Image Mining. Barcelona, Spain},
  pages={48--55},
  year={2013}
}
%3
@article{evdokimenkov2015rus,
  title={Использование нейросетевой модели управляющих действий летчика в интересах его индивидуально-адаптированной поддержки},
  author={Евдокименков, В.Н. and Ким, Р.В. and Красильщиков, М.Н. and Себряков, Г.Г.},
  journal={Известия Российской академии наук. Теория и системы управления},
  number={4},
  pages={111--111},
  year={2015},
  publisher={Федеральное государственное унитарное предприятие Академический научно-издательский, производственно-полиграфический и книгораспространительский центр Наука}
}
%4
@article{visilter2009rus,
  title={Использование проективных морфологий в задачах обнаружения и идентификации объектов на изображениях},
  author={Визильтер, Ю.В. and Желтов, С.Ю.},
  journal={Известия Российской академии наук. Теория и системы управления},
  number={2},
  pages={125--138},
  year={2009},
  publisher={Федеральное государственное унитарное предприятие Академический научно-издательский, производственно-полиграфический и книгораспространительский центр Наука}
}
%5
@article{ishutin2016rus,
  title={Алгоритмы обнаружения, локализации и распознавания оптико-электронных изображений группы изолированных наземных объектов для инерциально-визирных систем навигации и наведения летательных аппаратов},
  author={Ишутин, А.А. and Кикин, И.С. and Себряков, Г.Г. and Сошников, В.Н.},
  journal={Известия Российской академии наук. Теория и системы управления},
  number={2},
  pages={85--85},
  year={2016},
  publisher={Федеральное государственное унитарное предприятие" Академический научно-издательский, производственно-полиграфический и книгораспространительский центр" Наука"}
}
%6
@article{bondur2016rusvosstanovlenie,
  title={Восстановление спектров морского волнения по спектрам космических изображений в широком диапазоне частот},
  author={Бондур, В.Г. and Дулов, В.А. and Мурынин, А.Б. and Игнатьев, В.Ю.},
  journal={Известия Российской академии наук. Физика атмосферы и океана},
  volume={52},
  number={6},
  pages={716--728},
  year={2016},
  publisher={Федеральное государственное унитарное предприятие Академический научно-издательский, производственно-полиграфический и книгораспространительский центр Наука}
}
%7
@article{bondur2016rusoptimalniy,
  title={Оптимальный выбор параметров для восстановления спектров морского волнения по аэрокосмическим изображениям},
  author={Бондур, В.Г. and Мурынин, А.Б. and Игнатьев, В.Ю.},
  journal={Машинное обучение и анализ данных},
  volume={2},
  number={2},
  pages={218--230},
  year={2016},
  publisher={Федеральное государственное бюджетное учреждение науки Вычислительный центр им. АА Дородницына Российской академии наук}
}
%8
@article{gurchenkov2016rus,
  title={Улучшение качества изображений методом экстраполяции пространственных спектров},
  author={Гурченков, А.А. and Бочкарева, В.Г. and Мурынин, А.Б. and Трёкин, А.Н.},
  journal={Вестник Московского государственного технического университета им. НЭ Баумана. Серия {\guillemotleft}Естественные науки{\guillemotright}},
  number={2 (65)},
  year={2016},
  publisher={Федеральное государственное бюджетное образовательное учреждение высшего профессионального образования {\guillemotleft}Московский государственный технический университет имени НЭ Баумана{\guillemotright}}
}

%9
@article{bochkareva2016rus,
  title={Методы улучшения качества изображений, основанные на пространственном спектральном анализе},
  author={Бочкарева, В.Г. and Матвеев, И.А. and Мурынин, А.Б. and Цурков В.И.},
  journal={Известия Российской академии наук. Теория и системы управления},
	number={6},
  pages={62--70},
  year={2015},
  publisher={Федеральное государственное унитарное предприятие" Академический научно-издательский, производственно-полиграфический и книгораспространительский центр" Наука"}
}

%10 доделать
@book{milanfar2011,
	title={Super-Resolution Imaging},
	author={Milanfar, P.}
}
%11
@article{vivone2015critical,
  title={A critical comparison among pansharpening algorithms},
  author={Vivone, Gemine and Alparone, Luciano and Chanussot, Jocelyn and Dalla Mura, Mauro and Garzelli, Andrea and Licciardi, Giorgio A and Restaino, Rocco and Wald, Lucien},
  journal={IEEE Transactions on Geoscience and Remote Sensing},
  volume={53},
  number={5},
  pages={2565--2586},
  year={2015},
  publisher={IEEE}
}

%12
@article{thomas2008synthesis,
  title={Synthesis of multispectral images to high spatial resolution: A critical review of fusion methods based on remote sensing physics},
  author={Thomas, Claire and Ranchin, Thierry and Wald, Lucien and Chanussot, Jocelyn},
  journal={IEEE Transactions on Geoscience and Remote Sensing},
  volume={46},
  number={5},
  pages={1301--1312},
  year={2008},
  publisher={IEEE}
}


%13
@article{visilter2016ruscomplexirovaniye,
  title={Комплексирование многоспектральных изображений для систем улучшенного видения на основе методов диффузной морфологии},
  author={Визильтер, Ю.В. and Выголов, О.В. and Желтов, С.Ю. and Рубис, А.Ю.},
  journal={Известия Российской академии наук. Теория и системы управления},
  number={4},
  pages={103--114},
  year={2016},
  publisher={Федеральное государственное унитарное предприятие Академический научно-издательский, производственно-полиграфический и книгораспространительский центр Наука}
}

%14
@article{chavez1991comparison,
  title={Comparison of three different methods to merge multiresolution and multispectral data- Landsat TM and SPOT panchromatic},
  author={Chavez, Pats and Sides, Stuart C. and Anderson, Jeffrey A. and others},
  journal={Photogrammetric Engineering and remote sensing},
  volume={57},
  number={3},
  pages={295--303},
  year={1991},
  publisher={Falls Church}
}

%15
@article{aiazzi2007improving,
  title={Improving component substitution pansharpening through multivariate regression of MS $+ $ Pan data},
  author={Aiazzi, Bruno and Baronti, Stefano and Selva, Massimo},
  journal={IEEE Transactions on Geoscience and Remote Sensing},
  volume={45},
  number={10},
  pages={3230--3239},
  year={2007},
  publisher={IEEE}
}

%16
@article{tu2004fast,
  title={A fast intensity-hue-saturation fusion technique with spectral adjustment for IKONOS imagery},
  author={Tu, Te-Ming and Huang, Ping Sheng and Hung, Chung-Ling and Chang, Chien-Ping},
  journal={IEEE Geoscience and Remote sensing letters},
  volume={1},
  number={4},
  pages={309--312},
  year={2004},
  publisher={IEEE}
}

%17
@article{dou2007general,
  title={A general framework for component substitution image fusion: An implementation using the fast image fusion method},
  author={Dou, Wen and Chen, Yunhao and Li, Xiaobing and Sui, Daniel Z},
  journal={Computers \& Geosciences},
  volume={33},
  number={2},
  pages={219--228},
  year={2007},
  publisher={Elsevier}
}

%18
@article{choi2011new,
  title={A new adaptive component-substitution-based satellite image fusion by using partial replacement},
  author={Choi, Jaewan and Yu, Kiyun and Kim, Yongil},
  journal={IEEE Transactions on Geoscience and Remote Sensing},
  volume={49},
  number={1},
  pages={295--309},
  year={2011},
  publisher={IEEE}
}

%19
@article{aiazzi2006mtf,
  title={MTF-tailored multiscale fusion of high-resolution MS and Pan imagery},
  author={Aiazzi, B. and Alparone, L. and Baronti, S. and Garzelli, A. and Selva, M.},
  journal={Photogrammetric Engineering \& Remote Sensing},
  volume={72},
  number={5},
  pages={591--596},
  year={2006},
  publisher={American Society for Photogrammetry and Remote Sensing}
}

%20
@article{owen2017monte,
  title={Monte Carlo theory, methods and examples, 2013},
  author={Owen, Art B.},
  journal={URL http://statweb. stanford. edu/\~{} owen/mc},
  year={2017}
}

%21
@article{gorokhovskiy2017rus,
  title={Поиск оптимальных параметров вероятностного алгоритма повышения пространсвенного разрешения мультиспектрльных спутниковых изображений},
  author={Гороховский, К.Ю. and Игнатьев, В.Ю. and Мурынин, А.Б. and Ракова, К.О.},
  journal={Известия Российской академии наук. Теория и системы управления},
  number={6},
  pages={112--124},
  year={2017},
  publisher={Федеральное государственное унитарное предприятие Академический научно-издательский, производственно-полиграфический и книгораспространительский центр Наука}
}

%22
@InProceedings{burger2012image,
  author       = {Burger, Harold C and Schuler, Christian J and Harmeling, Stefan},
  title        = {Image denoising: Can plain neural networks compete with BM3D?},
  booktitle    = {Computer Vision and Pattern Recognition (CVPR), 2012 IEEE Conference on},
  year         = {2012},
  pages        = {2392--2399},
  organization = {IEEE},
}

%23
@InProceedings{schuler2013machine,
  author    = {Schuler, Christian J and Christopher Burger, Harold and Harmeling, Stefan and Scholkopf, Bernhard},
  title     = {A machine learning approach for non-blind image deconvolution},
  booktitle = {Proceedings of the IEEE Conference on Computer Vision and Pattern Recognition},
  year      = {2013},
  pages     = {1067--1074},
}

%24
@Article{dong2016image,
  author    = {Dong, Chao and Loy, Chen Change and He, Kaiming and Tang, Xiaoou},
  title     = {Image super-resolution using deep convolutional networks},
  journal   = {IEEE transactions on pattern analysis and machine intelligence},
  year      = {2016},
  volume    = {38},
  number    = {2},
  pages     = {295--307},
  publisher = {IEEE},
}
 %25
@InProceedings{johnson2016perceptual,
  author       = {Johnson, Justin and Alahi, Alexandre and Fei-Fei, Li},
  title        = {Perceptual losses for real-time style transfer and super-resolution},
  booktitle    = {European Conference on Computer Vision},
  year         = {2016},
  pages        = {694--711},
  organization = {Springer},
}
